@book{tanenbaum1997operating,
  title={Operating systems: design and implementation},
  author={Tanenbaum, Andrew S and Woodhull, Albert S},
  volume={2},
  year={1997},
  publisher={Prentice Hall Englewood Cliffs}
}
@book{stallings2012operating,
  title={Operating systems: internals and design principles},
  author={Stallings, William and Paul, Goutam Kumar},
  volume={9},
  year={2012},
  publisher={Pearson New York}
}